%%%%%%%%%%%%%%%%%%%%%%%%%%%%%%%%%%%%%%%%%%%%%%%%%%%%%%%%%%%%%%%%%%%%%
%%%%%%%%%%%%%%%%%%%%%%%%% THEORETICAL PART  %%%%%%%%%%%%%%%%%%%%%%%%%
%%%%%%%%%%%%%%%%%%%%%%%%%%%%%%%%%%%%%%%%%%%%%%%%%%%%%%%%%%%%%%%%%%%%%

@article{ParticleDataGroup,
    author = "Workman, R. L. and Others",
    collaboration = "Particle Data Group",
    title = "{Review of Particle Physics}",
    doi = "10.1093/ptep/ptac097",
    journal = "PTEP",
    volume = "2022",
    pages = "083C01",
    year = "2022"
}

@article{Goldstone-Theorem,
  title = {Broken Symmetries},
  author = {Goldstone, Jeffrey and Salam, Abdus and Weinberg, Steven},
  journal = {Phys. Rev.},
  volume = {127},
  issue = {3},
  pages = {965--970},
  numpages = {0},
  year = {1962},
  month = {Aug},
  publisher = {American Physical Society},
  doi = {10.1103/PhysRev.127.965},
}

@book{WeinbergII,
  added-at = {2009-04-21T15:15:33.000+0200},
  author = {Weinberg, Steven},
  biburl = {https://www.bibsonomy.org/bibtex/27233570da733d5cc22d4609a01f79417/gber},
  description = {SPIRES-HEP: FIND KEY 3763846},
  interhash = {b087139f0f5f742d883b6322d298ac61},
  intrahash = {7233570da733d5cc22d4609a01f79417},
  keywords = {GeneralQFT book introductory},
  note = {Cambridge, UK: Univ. Pr. (1996) 489 p},
  timestamp = {2009-04-21T15:15:33.000+0200},
  title = {{The quantum theory of fields. Vol. 2: Modern
                  applications}},
  year = 1996
}

@article{FujikawaI,
  title = {Path-Integral Measure for Gauge-Invariant Fermion Theories},
  author = {Fujikawa, Kazuo},
  journal = {Phys. Rev. Lett.},
  volume = {42},
  issue = {18},
  pages = {1195--1198},
  numpages = {0},
  year = {1979},
  month = {Apr},
  publisher = {American Physical Society},
  doi = {10.1103/PhysRevLett.42.1195},
}

@article{FujikawaII,
  title = {Erratum: Path integral for gauge theories with fermions},
  author = {Fujikawa, Kazuo},
  journal = {Phys. Rev. D},
  volume = {22},
  issue = {6},
  pages = {1499--1499},
  numpages = {0},
  year = {1980},
  month = {Sep},
  publisher = {American Physical Society},
  doi = {10.1103/PhysRevD.22.1499},
}

@book{Donoghue,
  place={Cambridge},
  edition={2},
  series={Cambridge Monographs on Particle Physics, Nuclear Physics and Cosmology},
  title={Dynamics of the Standard Model},
  DOI={10.1017/CBO9780511803512},
  publisher={Cambridge University Press},
  author={Donoghue, John F. and Golowich, Eugene and Holstein, Barry R.},
  year={2014},
  collection={Cambridge Monographs on Particle Physics, Nuclear Physics and Cosmology}
}

@book{Itzykson-Zuber,
    author = "Itzykson, C. and Zuber, J. B.",
    title = "{Quantum Field Theory}",
    isbn = "978-0-486-44568-7",
    publisher = "McGraw-Hill",
    address = "New York",
    series = "International Series In Pure and Applied Physics",
    year = "1980"
}

@book{Schwartz,
    author = "Schwartz, Matthew D.",
    title = "{Quantum Field Theory and the Standard Model}",
    isbn = "978-1-107-03473-0, 978-1-107-03473-0",
    publisher = "Cambridge University Press",
    month = "3",
    year = "2014"
}

@book{Collins,
    author = "Collins, John C.",
    title = "{Renormalization}: {An Introduction to Renormalization, The Renormalization Group, and the Operator Product Expansion}",
    doi = "10.1017/CBO9780511622656",
    isbn = "978-0-521-31177-9, 978-0-511-86739-2, 978-1-00-940180-7",
    publisher = "Cambridge University Press",
    address = "Cambridge",
    series = "Cambridge Monographs on Mathematical Physics",
    volume = "26",
    year = "1986"
}

@book{Baez,
    author = "Baez, J. and Muniain, J. P.",
    title = "{Gauge fields, knots and gravity}",
    year = "1995"
}

@book{zaffaroni-pradisi,
    author = "Petrini, Michela and Pradisi, Gianfranco and Zaffaroni, Alberto",
    title = "{A Guide to Mathematical Methods for Physicists}",
    doi = "10.1142/q0162",
    publisher = "WSP",
    year = "2019"
}

%%%%%%%%%%%%%%%%%%%%%%%%%%%%%%%%%%%%%%%%%%%%%%%%%%%%%%%%%%%%%%%%%%%%%
%%%%%%%%%%%%%%%%%%%%%%%%%%% LATTICE BOOKS %%%%%%%%%%%%%%%%%%%%%%%%%%%
%%%%%%%%%%%%%%%%%%%%%%%%%%%%%%%%%%%%%%%%%%%%%%%%%%%%%%%%%%%%%%%%%%%%%

@book{montvay-munster,
  title={Quantum Fields on a Lattice},
  author={Montvay, I. and M{\"u}nster, G.},
  isbn={9780521599177},
  lccn={93001026},
  series={Cambridge Monographs on Mathematical Physics},
  year={1994},
  publisher={Cambridge University Press}
}

@book{gattringer-lang,
    author = "Gattringer, Christof and Lang, Christian B.",
    title = "{Quantum chromodynamics on the lattice}",
    doi = "10.1007/978-3-642-01850-3",
    isbn = "978-3-642-01849-7, 978-3-642-01850-3",
    publisher = "Springer",
    address = "Berlin",
    volume = "788",
    year = "2010"
}

@article{FLAG,
	doi = {10.1140/epjc/s10052-022-10536-1},
	year = 2022,
	month = {oct},
	publisher = {Springer Science and Business Media {LLC}},
	volume = {82},
	number = {10},
	author = {Y. Aoki and T. Blum and G. Colangelo and S. Collins and M. Della Morte and P. Dimopoulos and S. Dürr and X. Feng and H. Fukaya and M. Golterman and Steven Gottlieb and R. Gupta and S. Hashimoto and U. M. Heller and G. Herdoiza and P. Hernandez and R. Horsley and A. Jüttner and T. Kaneko and E. Lunghi and S. Meinel and C. Monahan and A. Nicholson and T. Onogi and C. Pena and P. Petreczky and A. Portelli and A. Ramos and S. R. Sharpe and J. N. Simone and S. Simula and S. Sint and R. Sommer and N. Tantalo and R. Van de Water and U. Wenger and H. Wittig and},
	title = {{FLAG} Review 2021},
	journal = {The European Physical Journal C}
}

@article{Wilson-Confinement-of-Quarks,
    author = "Wilson, Kenneth G.",
    editor = "Taylor, J. C.",
    title = "{Confinement of Quarks}",
    reportNumber = "CLNS-262",
    doi = "10.1103/PhysRevD.10.2445",
    journal = "Phys. Rev. D",
    volume = "10",
    pages = "2445--2459",
    year = "1974"
}

%%%%%%%%%%%%%%%%%%%%%%%%%%%%%%%%%%%%%%%%%%%%%%%%%%%%%%%%%%%%%%%%%%%%%
%%%%%%%%%%%%%%% BAG PARAMETERS and SUSY OPERATORS %%%%%%%%%%%%%%%%%%%
%%%%%%%%%%%%%%%%%%%%%%%%%%%%%%%%%%%%%%%%%%%%%%%%%%%%%%%%%%%%%%%%%%%%%

@article{KMBSM,
	doi = {10.1007/jhep03(2013)089},
	year = 2013,
	month = {mar},
	publisher = {Springer Science and Business Media {LLC}
	},
	volume = {2013},
	number = {3},
	author = {V. Bertone and N. Carrasco and M. Ciuchini and P. Dimopoulos and R. Frezzotti and V. Gim{\'{e}}nez and V. Lubicz and G. Martinelli and F. Mescia and M. Papinutto and G. C. Rossi and L. Silvestrini and S. Simula and C. Tarantino and A. Vladikas},
	title = {Kaon mixing beyond the {SM} from Nf = 2 {tmQCD} and model independent constraints from the {UTA}},
	journal = {Journal of High Energy Physics}
}

@article{RenRun,
	doi = {10.1140/epjc/s10052-018-6002-y},
	url = {https://doi.org/10.1140%2Fepjc%2Fs10052-018-6002-y},
	year = 2018,
	month = {jul},
	publisher = {Springer Science and Business Media {LLC}
},
	volume = {78},
	number = {7},
	author = {P. Dimopoulos and   and G. Herdo{\'{\i}}za and M. Papinutto and C. Pena and D. Preti and A. Vladikas},
	title = {Non-perturbative renormalisation and running of {BSM} four-quark operators in {\textdollar}{\textdollar}N{\_}{\textbackslash}mathrm $\lbrace${\textbackslash}scriptstyle f$\rbrace$=2{\textdollar}{\textdollar} Nf=2 {QCD}},
	journal = {The European Physical Journal C}
}

@article{Bparameters,
	doi = {10.1016/s0370-2693(99)00283-x},
	year = 1999,
	month = {apr},
	publisher = {Elsevier {BV}
	},
	volume = {453},  
	number = {1-2},
	pages = {30--39},
	author = {C.R. Allton and L. Conti and A. Donini and V. Gimenez and L. Giusti and G. Martinelli and M. Talevi and A. Vladikas},
	title = {B-parameters for $\Delta S=2$ supersymmetric operators},
	journal = {Physics Letters B}
}

@misc{BKetmcollaboration,
      title={$K^0-\bar{K}^0$ mixing in the Standard Model from $N_f=2+1+1$ Twisted Mass Lattice QCD}, 
      author={N. Carrasco and V. Gimenez and P. Dimopoulos and R. Frezzotti and D. Palao and G. C. Rossi and V. Lubicz and M. Papinutto and F. Sanfilippo and S. Simula},
      year={2011},
      eprint={1111.1262},
      archivePrefix={arXiv},
      primaryClass={hep-lat}
}

%%%%%%%%%%%%%%%%%%%%%%%%%%%%%%%%%%%%%%%%%%%%%%%%%%%%%%%%%%%%%%%%%%%%%
%%%%%%%%%%%%%%%%%%%%%%%%% LATTICE SETUP %%%%%%%%%%%%%%%%%%%%%%%%%%%%%
%%%%%%%%%%%%%%%%%%%%%%%%%%%%%%%%%%%%%%%%%%%%%%%%%%%%%%%%%%%%%%%%%%%%%

@article{Bruno,
	doi = {10.1007/jhep02(2015)043},
	url = {https://doi.org/10.1007%2Fjhep02%282015%29043},
	year = 2015,
	month = {feb},
	publisher = {Springer Science and Business Media {LLC}},
	volume = {2015},
	number = {2},
	author = {Mattia Bruno and Dalibor Djukanovic and Georg P. Engel and Anthony Francis and Gregorio Herdoiza and Hanno Horch and Piotr Korcyl and Tomasz Korzec and Mauro Papinutto and Stefan Schaefer and Enno E. Scholz and Jakob Simeth and Hubert Simma and Wolfgang Soldner},
	title = {Simulation of {QCD} with $N_f = 2 + 1$ flavors of non-perturbatively improved Wilson fermions},
	journal = {Journal of High Energy Physics}
}

@article{scale_CLS_opt1,
	doi = {10.1103/physrevd.95.074504},
	url = {https://doi.org/10.1103%2Fphysrevd.95.074504},
	year = 2017,
	month = {apr},
	publisher = {American Physical Society ({APS})},
	volume = {95},
	number = {7},
	author = {Mattia Bruno and Tomasz Korzec and Stefan Schaefer},
	title = {Setting the scale for the {CLS} 2+1 flavor ensembles},
	journal = {Physical Review D}
}

@article{tmMixAct,
	author = {{Herdoiza, Gregorio} and {Pena, Carlos} and {Preti, David} and {Romero, Josè Angel} and {Ugarrio, Javier}},
	title = {A tmQCD mixed-action approach to flavour physics},
	DOI= "10.1051/epjconf/201817513018",
	url= "https://doi.org/10.1051/epjconf/201817513018",
	journal = {EPJ Web Conf.},
	year = 2018,
	volume = 175,
	pages = "13018",
}

@inproceedings{LightMesons,
  author = "Herdoiza, Gregorio  and  Bussone, Andrea  and  Conigli, Alessandro  and  Frison, Julien  and  Pena, Carlos  and  Preti, David  and  Romero, Jose Angel  and  Saez, Alejandro  and  Ugarrio, Javier",
  title = "{Light meson physics and scale setting from a mixed action with Wilson twisted mass valence quarks}",
  doi = "10.22323/1.396.0258",
  booktitle = "Proceedings of The 38th International Symposium on Lattice Field Theory {\textemdash} PoS(LATTICE2021)",
  year = 2022,
  volume = "396",
  pages = "258"
}

@article{OBC_top,
	doi = {10.1007/jhep07(2011)036},
	url = {https://doi.org/10.1007%2Fjhep07%282011%29036},
	year = 2011,
	month = {jul},
	publisher = {Springer Science and Business Media {LLC}
	},
	volume = {2011},
	number = {7},
	author = {Martin Lüscher and Stefan Schaefer},
	title = {Lattice {QCD} without topology barriers},
	journal = {Journal of High Energy Physics}
}

@article{OBC-tm,
	doi = {10.1016/j.cpc.2012.10.003},
	url = {https://doi.org/10.1016%2Fj.cpc.2012.10.003},
	year = 2013,
	month = {mar},
	publisher = {Elsevier {BV}
	},
	volume = {184},
	number = {3},
	pages = {519--528},
	author = {Martin Lüscher and Stefan Schaefer},
	title = {Lattice {QCD} with open boundary conditions and twisted-mass reweighting},
	journal = {Computer Physics Communications}
}

@misc{tmLQCD,
      title={Lattice QCD with a chirally twisted mass term}, 
      author={Roberto Frezzotti and Pietro Antonio Grassi and Stefan Sint and Peter Weisz},
      year={2001},
      eprint={hep-lat/0101001},
      archivePrefix={arXiv},
      primaryClass={hep-lat}
}

@article{FR1,
	doi = {10.1088/1126-6708/2004/08/007},
	url = {https://doi.org/10.1088%2F1126-6708%2F2004%2F08%2F007},
	year = 2004,
	month = {aug},
	publisher = {Springer Science and Business Media {LLC}
	},
	volume = {2004},
	number = {08},
	pages = {007--007},
	author = {R Frezzotti and G.C Rossi},
	title = {Chirally improving Wilson fermions I. O(a) improvement},
	journal = {Journal of High Energy Physics}
}

@article{FR2,
	doi = {10.1088/1126-6708/2004/10/070},
	url = {https://doi.org/10.1088%2F1126-6708%2F2004%2F10%2F070},
	year = 2004,
	month = {oct},
	publisher = {Springer Science and Business Media {LLC}
	},
	volume = {2004},
	number = {10},
	pages = {070--070},
	author = {R Frezzotti and G.C Rossi},
	title = {Chirally improving Wilson fermions {II}. Four-quark operators},
	journal = {Journal of High Energy Physics}
}

@article{Improving_Sint,
	doi = {10.1016/j.nuclphysb.2011.02.002},
	url = {https://doi.org/10.1016%2Fj.nuclphysb.2011.02.002},
	year = 2011,
	month = {jun},
	publisher = {Elsevier {BV}
	},
	volume = {847},
	number = {3},
	pages = {491--531},
	author = {Stefan Sint},
	title = {The chirally rotated Schrödinger functional with Wilson fermions and automatic improvement},
	journal = {Nuclear Physics B}
}

@article{SWterm-Sommer,
	title = {O(a) improved lattice QCD},
	journal = {Nuclear Physics B - Proceedings Supplements},
	volume = {60},
	number = {1},
	pages = {279-293},
	year = {1998},
	issn = {0920-5632},
	doi = {https://doi.org/10.1016/S0920-5632(97)00490-8},
	author = {Rainer Sommer},
	abstract = {We review the O(a) improvement of lattice QCD with special emphasis on the motivation for performing the improvement programme non-perturbatively and the general concepts of on-shell improvement. The present status of the calculations of various improvement coefficients (perturbative and non-perturbative) is reviewed, as well as the computation of the isospin current normalization constants ZA and Zv. We comment on recent results for hadronic observables obtained in the improved theory.}
}

@article{cSW-non-perturbative,
	title = {Improvement of Nf=3 lattice QCD with Wilson fermions and tree-level improved gauge action},
	journal = {Nuclear Physics B},
	volume = {874},
	number = {1},
	pages = {188-197},
	year = {2013},
	issn = {0550-3213},
	doi = {https://doi.org/10.1016/j.nuclphysb.2013.05.019},
	author = {John Bulava and Stefan Schaefer},
	keywords = {Lattice QCD, Non-perturbative improvement},
	abstract = {We determine the parameter cSW required for O(a)-improvement of the three-flavor Wilson fermion action together with the tree-level Symanzik improved gauge action. The standard improvement condition is employed for a range of couplings. Additionally, we perform a check of the volume independence of cSW and provide a preliminary estimate of the lattice spacing at our largest values of the gauge coupling.}
}

@misc{matching-masses,
      title={Matching of $N_f=2+1$ CLS ensembles to a tmQCD valence sector}, 
      author={Andrea Bussone and Gregorio Herdoíza and Carlos Pena and David Preti and José Ángel Romero and Javier Ugarrio},
      year={2019},
      eprint={1903.00286},
      archivePrefix={arXiv},
      primaryClass={hep-lat}
}

@article{Morel,
  author          = {A. Morel},
  journal         = {Journal de Physique},
  number          = {48 (7), pp.1111-1119.},
  title           = {Chiral logarithms in quenched QCD},
  year            = {1987},
  doi			  = {https://doi.org/10.1051/jphys:019870048070111100}
}

@misc{bussone2019matching,
      title={Matching of $N_f=2+1$ CLS ensembles to a tmQCD valence sector}, 
      author={Andrea Bussone and Gregorio Herdoíza and Carlos Pena and David Preti and José Ángel Romero and Javier Ugarrio},
      year={2019},
      eprint={1903.00286},
      archivePrefix={arXiv},
      primaryClass={hep-lat}
}

@article{DoniniMartinelliOperators,
	doi = {10.1007/s100529900097},
	year = 1999,
	month = {aug},
	publisher = {Springer Science and Business Media {LLC}},
	volume = {10},
	number = {1},
	pages = {121--142},
	author = {A. Donini and V. Gimenez and G. Martinelli and M. Talevi and A. Vladikas},
	title = {Non-perturbative renormalization of lattice four-fermion operators without power subtractions},
	journal = {The European Physical Journal C}
}

@misc{Topology-WilsonFlow-HMC,
      title={Topology, the Wilson flow and the HMC algorithm}, 
      author={Martin Luscher},
      year={2014},
      eprint={1009.5877},
      archivePrefix={arXiv},
      primaryClass={hep-lat}
}

@misc{ExtractionSpectralQuantities,
      title={On the extraction of spectral quantities with open boundary conditions}, 
      author={Mattia Bruno and Piotr Korcyl and Tomasz Korzec and Stefano Lottini and Stefan Schaefer},
      year={2014},
      eprint={1411.5207},
      archivePrefix={arXiv},
      primaryClass={hep-lat}
}

@misc{investigatin-critical-slowing-down,
      title={Investigating the critical slowing down of QCD simulations}, 
      author={Stefan Schaefer and Rainer Sommer and Francesco Virotta},
      year={2009},
      eprint={0910.1465},
      archivePrefix={arXiv},
      primaryClass={hep-lat}
}

@article{critical-slowing-down-error-analysis,
	doi = {10.1016/j.nuclphysb.2010.11.020},
	year = 2011,
	month = {apr},
	publisher = {Elsevier {BV}},  
	volume = {845},  
	number = {1},  
	pages = {93--119},  
	author = {Stefan Schaefer and Rainer Sommer and Francesco Virotta},  
	title = {Critical slowing down and error analysis in lattice {QCD} simulations},  
	journal = {Nuclear Physics B}
}

@article{SF-luscher,
   title={The Schrödinger functional in lattice QCD with exact chiral symmetry},
   volume={2006},
   ISSN={1029-8479},
   DOI={10.1088/1126-6708/2006/05/042},
   number={05},
   journal={Journal of High Energy Physics},
   publisher={Springer Science and Business Media LLC},
   author={Lüscher, Martin},
   year={2006},
   month=may,
}

@article{korzec,
   title={Mesons Correlators},
   journal={private document},
   author={Tomasz Korzec},
   year={2013}
}
